@misc{estg-website,
    author = {ESTG},
    title = {ESTG},
    howpublished = {\url{https://estg.ipp.pt/}},
    note = {},
}


